@CONFERENCE{mariupol-2006,
  author = {Саянкин А.А.},
  title = {Решение нелинейной задачи теплопроводности при частично заданных краевых условиях},
  address = {Мариуполь},
  publisher = {Приазовский гос. техн. ун-т},
  booktitle = {«Университет городу»: Материалы XIII региональной научно-технической конференции. – Мариуполь: Приазовский гос. техн. ун-т},
  year = {2006},
  volume = {3},
  language = {russian},
  pages = {143}
}

@CONFERENCE{kiev-2006,
  author = {Саянкін О.О.},
  title = {Задача спостереження в умовах неповноти інформації // XI міжнародна наукова конференція ім. академіка М.Кравчука},
  address = {К.},
  publisher = {НТУУ „КПІ”},
  booktitle = { Матеріали  конференції (18–20 травня 2006 р.)},
  year = {2006},
  language = {russian},
  pages = {586}
}

@CONFERENCE{lviv-2006,
  author = {Саянкін О.О.},
  title = {Оптимізація моделей динаміки нелінійної задачі теплопровідності},
  address = {Л.},
  publisher = {Львівський нац. ун-т ім. Івана Франка},
  booktitle = {Сучасні проблеми прикладної математики та інформатики: Матеріали всеукраїнської конференції.},
  year = {2006},
  language = {russian},
  pages = {25}
}

@CONFERENCE{kharkiv-2007,
  author = {Скопецький В.В., Саянкін О.О.},
  title = {Моделювання  динаміки систем з суттєвими нелінійностями методом експоненційної апроксимації в умовах структурної неповноти інформації},
  address = {Харьков},
  publisher = {Харьковский национальный университет им. Каразина},
  booktitle = {Современные проблемы математики и ее приложения в естественных науках и информационных технологиях: Материалы международной конференции.},
  year = {2007},
  language = {russian},
  pages = {123}
}

