@BOOK{Adamar-ZanachaKoshi,
  author = {Адамар Ж.},
  title = {Задача Коши для линейных уравнений с частными производными гиперболического типа},
  address = {М.},
  publisher = {Наука},
  year = {1978},
  numpages = {351},
  language = {russian}
}

@ARTICLE{Aizen-KvoprosuPrimeneniya,
  author = {Айзен А.М., Заславская И.Г., Ямпольский Н.Г.},
  title = {К вопросу применения теории возмущений при решении трехмерных нелинейных задач теплороводности},
  journal = {Теплофизика высоких температур},
  year = {1970},
  number = {6},
  pages = {130--134},
  volume = {8},
  language = {russian}
}

@ARTICLE{Aizen-ReshenieNelineynoyZadachi,
  author = {Айзен А.М., Заславская И.Г., Ямпольский Н.Г.},
  title = {Решение нелинейной задачи теплопроводности для прямоугольного параллелепипеда конечных размеров},
  journal = {Теплофизика высоких температур},
  year = {1971},
  pages = {130--134},
  volume = {20},
  language = {russian}
}

@BOOK{Alifanov-ObratnieZadachiTeploobmena,
  author = {Алифанов},
  title = {Обратные задачи теплообмена},
  address = {М.},
  publisher = {Машиностроение},
  year = {1988},
  numpages = {280},
  language = {russian}
}

@ARTICLE{Alifanov-PrimeneniePrinzipa,
  author = {Алифанов О.М.},
  title = {Применение принципа регуляризации для построения приближенных решений обратных задач теплопроводности},
  journal = {Инженерно-физический журнал},
  year = {1972},
  number = {6},
  pages = {1084--1091},
  volume = {23},
  language = {russian}
}

@ARTICLE{Alifanov-ReshenieNelineynoyObratnoy,
  author = {Алифанов О.М., Артюхин Е.А., Панкратов Б.М.},
  title = {Решение нелинейной обратной задачи для обобщенного уравнения теплопроводности в области с подвижными границами},
  journal = {Инженерно-физический журнал},
  year = {1975},
  number = {1},
  pages = {151--158},
  volume = {29},
  language = {russian}
}

@BOOK{Arsenin-NekorrektnoPostavlennye,
  author = {Арсенин В.Я., Тихонов А.Н.},
  title = {Некорректно поставленные задачи. -- В кн. Энциклопедия кибернетики.},
  address = {М.},
  publisher = {Наука},
  year = {1975},
  pages = {76-78},
  language = {russian}
}

@BOOK{Ahmedzyanova-IssledovanieSposobov,
  author = {Ахмедзянова Д.М.},
  title = {Исследование способов уточнения параметром нефтяных пластов по эксплуатационным данным},
  address = {М.},
  publisher = {Автореф. дис. … канд. техн. наук},
  year = {1972},
  numpages = {28},
  language = {russian}
}

@ARTICLE{Baylens-ReshenieMetodom,
  author = {Байленс, Джиджи},
  title = {Решение методом возмущения задачи теплопроводности, конвекции и излучения},
  journal = {Ракетная техника и космонавтика.},
  year = {1970},
  number = {1},
  pages = {202--210},
  language = {russian}
}

@BOOK{Blackwell-NekorrektnyeObratnie,
  author = {Бек Дж., Блакуєлл Б., Сент-Клер Ч., мл.},
  title = {Некорректные обратные задачи теплопроводности},
  address = {М.},
  publisher = {Мир},
  year = {1989},
  numpages = {312},
  language = {russian}
}

@BOOK{Belyaev-MatematicheskieMetody,
  author = {Беляев Н.М., Рядно А.А.},
  title = {Математические методы теплопроводности},
  address = {К.},
  publisher = {Вища шк.},
  year = {1993},
  numpages = {415},
  language = {russian}
}

@BOOK{Blagoveshenskaya-Matematychne,
  author = {Благовещенська Т.Ю.},
  title = {Математичне моделювання прямих та обернених задач екології. Дис. … канд.ф-мат. наук:01.05.02},
  address = {К.},
  publisher = {Інститут Кібернетики ім. Глушкова НАНУ},
  year = {2002},
  numpages = {132},
  language = {russian}
}

@BOOK{Bogaenko-Avtomatyzatsiya,
  author = {Богаєнко В.О.},
  title = {Автоматизація розв'язання просторових задач з неповними даними. Дис.… канд. т. наук: 01.05.02},
  address = {К.},
  publisher = {Інститут Кібернетики ім. Глушкова НАНУ},
  year = {2006},
  numpages = {170},
  language = {russian}
}

@BOOK{Bogolybov-Asimptoticheckie,
  author = {Боголюбов Н.Н., Митропольский Ю.А.},
  title = {Асимптотические методы в теории нелинейных колебаний},
  address = {М.},
  publisher = {Наука},
  year = {1974},
  numpages = {503},
  language = {russian}
}

@BOOK{Bublick-Osnovy,
  author = {Бублик Б.Н., Кириченко Н.Ф.},
  title = {Основы теории управления},
  address = {К.},
  publisher = {Вища шк.},
  year = {1983},
  numpages = {511},
  language = {russian}
}

@BOOK{Butkovskiy-Teoriya,
  author = {Бутковский А.Г.},
  title = {Теория оптимального управления системами с распределенными параметрами},
  address = {М.},
  publisher = {Наука},
  year = {1975},
  numpages = {568},
  language = {russian}
}

@BOOK{Buhgeim-Vvedenie,
  author = {Бухгейм А.Л.},
  title = {Введение в теорию обратных задач},
  address = {Новосибирск},
  publisher = {Наука, Сиб. Отд-ние,},
  year = {1988},
  numpages = {184},
  language = {russian}
}

@ARTICLE{Vabishev-OChislennom,
  author = {Вабищев П. Н., Пулатов П. А.},
  title = {О численном решении граничной обратной задачи теплопроводности},
  journal = {Инженерно-физический журнал},
  year = {1986},
  number = {3},
  pages = {470--474},
  volume = {51},
  language = {russian}
}

@BOOK{Van-Dayk-Metody,
  author = {Ван-Дайк М.},
  title = {Методы возмущений в механике жидкостей},
  address = {М.},
  publisher = {Мир},
  year = {1967},
  numpages = {310},
  language = {russian}
}

@ARTICLE{Gamayunov-Metod,
  author = {Гамаюнов Н.И., Испирян Р.А., Шейман А.А.},
  title = {Метод статического моделирования для оценки погрешности определения коэфициента теплообмена},
  journal = {Инженерно-физический журнал},
  year = {1980},
  number = {4},
  pages = {709--715},
  volume = {38},
  language = {russian}
}

@BOOK{Gantmaher-Teoriya,
  author = {Гантмахер А.Ф},
  title = {Теория матриц},
  address = {М.},
  publisher = {Наука},
  year = {1967},
  numpages = {287},
  language = {russian}
}

@ARTICLE{Gelfand-ObOpredelenii,
  author = {Гельфанд И.М., Левитан Б.М.},
  title = {Об определении дифференциального уравнения по его спектральной функции},
  journal = {Известия АН СССР Сер. матем},
  pages = {309--360},
  volume = {15},
  language = {russian}
}

@BOOK{Grandstein-Tablitsy,
  author = {Грандштейн И.С., Рыжик И.С.},
  title = {Таблицы интегралов, сумм, рядов и произведений},
  address = {М.},
  publisher = {Физматгиз},
  year = {1962},
  numpages = {1100},
  language = {russian}
}

@ARTICLE{Grekov-Opredelenie,
  author = {Греков С.П., Калюсский А.Е.},
  title = {Определение коэфициента турбулентной диффузии динемически активных примесей},
  journal = {Инженерно-физический журнал},
  year = {1975},
  number = {2},
  pages = {375--358},
  language = {russian}
}

@ARTICLE{Grishin-Zaziganie,
  author = {Гришин А.М.},
  title = {Зажигание реагирующего газа над нагретой поверхностью с учетом концентрационной диффузии},
  journal = {Инженерно-физический журнал},
  year = {1969},
  number = {5},
  pages = {811--820},
  volume = {16},
  language = {russian}
}

@BOOK{Deyneka-Modeli,
  author = {Дейнека В.С., Сергиенко И.В., Скопецкий В.В. },
  title = {Модели и методы решения задач с условиями сопряжения},
  address = {К.},
  publisher = {Наук. думка},
  year = {1998},
  numpages = {616},
  language = {russian}
}

@ARTICLE{Donchenko-Psevdoobrashenie,
  author = {Донченко В.С., Кириченко Н.Ф.},
  title = {Псевдообращение в задачах управления с ограничениями},
  journal = {Кибернетика и системный анализ},
  year = {2003},
  number = {6},
  pages = {93--102},
  language = {russian}
}

@BOOK{Egorov-Optimalnoe,
  author = {Егоров А.И.},
  title = {Оптимальное управление тепловыми и диффузионными процессами},
  address = {М.},
  publisher = {Наука},
  year = {1979},
  numpages = {464},
  language = {russian}
}

@BOOK{Zaharov-Inversnaya,
  author = {Захаров А.В., Калюжный В.В., Нестеренко Б.Б. Панчишин В.И.},
  title = {Инверсная задача аналогового моделирования косвенной звукопердачи в зданиях. -- В кн: Средства математического моделирования технических задач},
  address = {К.},
  publisher = {Ин-т математики АН УССР},
  year = {1975},
  pages = {294--298},
  language = {russian}
}

@BOOK{Zgurovski-Neliniyni,
  author = {Згуровский М.З., Мельник В.С.},
  title = {Нелінійний аналіз та керування нескінченовимірними системами},
  address = {К.},
  publisher = {Наук. думка},
  year = {1999},
  numpages = {630},
  language = {russian}
}

@BOOK{Zenkevich-Metod,
  author = {Зенкевич О.},
  title = {Метод конечных элементов в технике},
  address = {М.},
  publisher = {Мир},
  year = {1975},
  numpages = {541},
  language = {russian}
}

@BOOK{Ivanenko-Variatsyonnye,
  author = {Иваненко В.И., Мельник В.С.},
  title = {Вариационные методы в задачах управления для систем с распределенными параметрами},
  address = {К.},
  publisher = {Наук. думка},
  year = {1988},
  numpages = {288},
  language = {russian}
}

@ARTICLE{Ivanov-KResheniyu,
  author = {Иванов В.В.},
  title = {К решению нелинейного уравнения теплопроводности методом разложения по малому парметру},
  journal = {Изв. АН СССР, Энергетика и транспорт},
  year = {1967},
  number = {2},
  pages = {170--181},
  language = {russian}
}

@BOOK{Ivanchov-Oberneni,
  author = {Іванчов М.І.},
  title = {Обернені задачі теплопровідності з нелокальними умовами},
  address = {К.},
  publisher = {ІСДО},
  year = {1995},
  numpages = {84},
  language = {russian}
}

@BOOK{Kartoshov-Analitycheckie,
  author = {Картошов Э.М.},
  title = {Аналитические методы в теории теплопроводности твердых тел},
  address = {М.},
  publisher = {Высшая школа},
  year = {1985},
  numpages = {480},
  language = {russian}
}

@ARTICLE{Kirichenko-Analiticheskoe,
  author = {Кириченко Н. Ф., Стоян В.А.},
  title = {Аналитическое представление матричных и интегральных линейных преобразований},
  journal = {Кибернетика и системный анализ},
  year = {1998},
  number = {3},
  pages = {90--104},
  language = {russian}
}

@ARTICLE{Kirichenko-Psevdoobrashenie,
  author = {Кириченко Н.Ф.},
  title = {Псевдообращение матриц и их рекуррентность в задачах поделирования и управления},
  journal = {Проблемы управления и информатики},
  year = {1995},
  number = {1},
  pages = {114--127},
  language = {russian}
}

@ARTICLE{Kirichenko-Vozmushenie,
  author = {Кириченко Н.Ф., Лепеха Н.П.},
  title = {Возмущение псевдообрантых и проекционных матриц и их применение к идентификации линейных и нелинейных зависимостей},
  journal = {Проблемы управления и информатики},
  year = {2001},
  number = {1},
  pages = {7--23},
  language = {russian}
}

@ARTICLE{Kirichenko-Obshee,
  author = {Кириченко Н.Ф., Матвиенко В.Т.},
  title = {Общее решение задач терминального управления и наблюдения},
  journal = {Кибернетика и системный анализ},
  year = {2000},
  number = {2},
  pages = {80--89},
  language = {russian}
}

@BOOK{Kozdoba-Vychyslitelnaya,
  author = {Коздоба Л.А.},
  title = {Вычислительная теплофизика},
  address = {К.},
  publisher = {Наук. думка},
  year = {1992},
  numpages = {224},
  language = {russian}
}

@BOOK{Kozdoba-Metody,
  author = {Коздоба Л.А.},
  title = {Методы решения обратных задач теплопроводности},
  address = {М.},
  publisher = {Наука},
  year = {1975},
  numpages = {227},
  language = {russian}
}

@BOOK{Kozdoba-Reshenie,
  author = {Коздоба Л.А.},
  title = {Решение нелинейных задач теплопроводности},
  address = {М.},
  publisher = {Наука},
  year = {1975},
  numpages = {215},
  language = {russian}
}

@BOOK{KozdobaKruckovskiy-MetodyResheniya,
  author = {Коздоба Л.А., Круковский П.Г. },
  title = {Методы решения обратных задач теплопереноса},
  address = {К.},
  publisher = {Наук. думка},
  year = {1982},
  numpages = {359},
  language = {russian}
}

@ARTICLE{KozdobaChumakov-MetodyPrimeneniya,
  author = {Коздоба Л.А., Чумаков В.Л.},
  title = {Методы применения метода малого параметра при решении квазилинейных задач нестационарной теплопроводности с существенными нелинейностями},
  journal = {Теплофизика высоких температур},
  year = {1971},
  number = {3},
  pages = {557--565},
  volume = {9},
  language = {russian}
}

@ARTICLE{KozdobaChumakov-ReshenieVosmushenien,
  author = {Коздоба Л.А., Чумаков В.Л.},
  title = {Решение нелинейных задач нестационарной теплопроводности методом возмущений},
  journal = {Теплофизика высоких температур},
  year = {1970},
  number = {5},
  pages = {1018--1025},
  volume = {8},
  language = {russian}
}

@ARTICLE{KozdobaChumakov-ReshenieMalymParametrom,
  author = {Коздоба Л.А., Чумаков В.Л.},
  title = {Решение общей нелинейной задачи нестационарной теплороводности методом малого парметра},
  journal = {Инженерно-физический журнал},
  year = {1972},
  number = {1},
  pages = {160--170},
  volume = {22},
  language = {russian}
}

@BOOK{Korn-Spravochik,
  author = {Корн Г., Корн Т.},
  title = {Справочник по математике для научных работников и инженеров},
  address = {М.},
  publisher = {Наука},
  year = {1974},
  numpages = {832},
  language = {russian}
}

@BOOK{Kotlyar-Metody,
  author = {Котляр Я.М., Совершенный В.Д., Стриженов Д.С.},
  title = {Методы и задачи теплопереноса},
  address = {М.},
  publisher = {Машиностроение},
  year = {1987},
  numpages = {237},
  language = {russian}
}

@BOOK{Coul-Metody,
  author = {Коул Дж.},
  title = {Методы возмущений в прикладной математике},
  address = {М.},
  publisher = {Мир},
  year = {1972},
  numpages = {280},
  language = {russian}
}

@BOOK{Kroshin-Modelirovanie,
  author = {Крошин И.И.},
  title = {Моделирование фильтрации и теплообмена в водонапорных системах},
  address = {М.},
  publisher = {Недра},
  year = {1976},
  numpages = {157},
  language = {russian}
}

@BOOK{Lavrentiev-Odnomermye,
  author = {Лавреньев М.М, Резницкая К.Г., Яхно В.Г.},
  title = {Одномерные обратные задачи математической физики},
  address = {Новосибирск},
  publisher = {Наука},
  year = {1982},
  numpages = {210},
  language = {russian}
}

@BOOK{Lavrentiev-Nekorrektnye,
  author = {Лавреньев М.М, Романов В.Г., Шишатский С.П.},
  title = {Некорректные задачи математической физики и анализа},
  address = {М.},
  publisher = {Наука},
  year = {1980},
  numpages = {285},
  language = {russian}
}

@BOOK{Lavrentiev-Lineynye,
  author = {Лавреньев М.М, Савельев Л.Я.},
  title = {Линейные операторы и некорректные задачи},
  address = {М.},
  publisher = {Наука},
  year = {1991},
  numpages = {331},
  language = {russian}
}

@BOOK{Lattes-MetodKvazi,
  author = {Латтес Р., Лионс Ж.-Л.},
  title = {Метод квазиобращения и его приложения},
  address = {М.},
  publisher = {Мир},
  year = {1970},
  numpages = {336},
  language = {russian}
}

@BOOK{Li-Osnovy,
  author = {Ли Э.Б., Маркус Л..},
  title = {Основы теории оптимального управления},
  address = {М.},
  publisher = {Наука},
  year = {1972},
  numpages = {576},
  language = {russian}
}

@BOOK{Lions-NekotoryeMedody,
  author = {Лионс Ж.Л.},
  title = {Некоторые методы решения нелинейных краевых задач},
  address = {М.},
  publisher = {Мир},
  year = {1972},
  numpages = {587},
  language = {russian}
}

@BOOK{Lions-Upravlenie,
  author = {Лионс Ж.Л.},
  title = {Управление сингулярными распределенными системами},
  address = {М.},
  publisher = {Наука},
  year = {1987},
  numpages = {368},
  language = {russian}
}

@BOOK{Lions-Optimalnoe,
  author = {Лионс Ж.Л.},
  title = {Оптимальное управление системами, описываемыми дифференциальными уравнениями в частных производных},
  address = {М.},
  publisher = {Мир},
  year = {1972},
  numpages = {414},
  language = {russian}
}

@ARTICLE{LiOrlov-KTeorii,
  author = {Ли-Орлов В.К., Волков В.Н.},
  title = {К теории нестационарных методов измерения теплофизических характеристик},
  journal = {Тепло- и массоперенос},
  year = {1968},
  pages = {332--335},
  volume = {т.VII},
  language = {russian}
}

@ARTICLE{Lurie-KTeorii,
  author = {Лурье А.И.},
  title = {К теории толстых плит},
  journal = {Прикладаная математика и механика},
  year = {1942},
  number = {6},
  pages = {12--36},
  volume = {23},
  language = {russian}
}

@BOOK{Lurie-Prostranstvennye,
  author = {Лурье А.И.},
  title = {Пространственные задачи теории упругости},
  address = {М.},
  publisher = {Гостехиздат},
  year = {1955},
  numpages = {370},
  language = {russian}
}

@BOOK{Lurie-Optimalnoe,
  author = {Лурье А.И.},
  title = {Оптимальное управление в задачах математической физики},
  address = {М.},
  publisher = {Наука},
  year = {1975},
  numpages = {478},
  language = {russian}
}

@BOOK{LykovMihaylov-Teoriya,
  author = {Лыков А.В., Михайлов Ю.А.},
  title = {Теория тепло- и массопереноса},
  address = {М.-Л},
  publisher = {Госэнергоиздат},
  year = {1963},
  numpages = {535},
  language = {russian}
}

@BOOK{Lykov-Teoriya,
  author = {Лыков А.В.},
  title = {Теория теплопроводности},
  address = {М.},
  publisher = {Высшая школа},
  year = {1967},
  numpages = {212},
  language = {russian}
}

@ARTICLE{Lyashko-Priblizennoe,
  author = {Ляшко И.И., Ляшко С.И., Войцеховский С.А.},
  title = {Приближенное решение одного класса задач теории оптимального управления в областях произвольной формы},
  journal = {Кибернетика и системный анализ},
  year = {2000},
  number = {1},
  pages = {138--146},
  language = {russian}
}

@BOOK{Lyashko-Obobshennoe,
  author = {Ляшко С.И.},
  title = {Обобщенное управление линейными системами},
  address = {К.},
  publisher = {Наук. думка},
  year = {1998},
  numpages = {460},
  language = {russian}
}

@BOOK{Marin-Issledovanie,
  author = {Марин Д.В},
  title = {Исследование некоторых нелинейных задач нестационарной теплопроводности в твердых телах с целью их приближенного решения: Автореф. дис…физ-мат. наук.},
  address = {К.},
  publisher = {Ин-т технической теплофизики АН УССР.},
  year = {1969},
  numpages = {40},
  language = {russian}
}

@ARTICLE{Marin-ObOdnom,
  author = {Марин Д.В. },
  title = {Об одном методе приближенного решения задач теплопроводности},
  journal = {Аналитические методы решения задач переноса тепла и вещества},
  year = {1967},
  pages = {82--85},
  language = {russian}
}

@ARTICLE{Marchenko-Sistema,
  author = {Марченко О.О., Благовещенська Т.Ю., Лєжніна Н.А. Вусата Л.А. Богаєнко В.А.},
  title = {Система програмно-аналітичного моделювання прямих та обернених задач},
  journal = {Праці міжнародної конференції «Питання оптимізації обчислень (ПОО-XXXII)», присвяченої пам’яті академіка В.С.Михалевича},
  year = {2005},
  address = {К.},
  publisher = {Інститут кібернетики ім. В.М. Глушкова НАН України},
  pages = {141--142},
  language = {russian}
}

@BOOK{Mizohata-Teorya,
  author = {Мизохата С.},
  title = {Теория уравнений с частными производными},
  address = {М.},
  publisher = {Мир},
  year = {1977},
  numpages = {504},
  language = {russian}
}

@ARTICLE{Minyailenko-Reschet,
  author = {Миняйленко Н.А., Чумаков В.Л.},
  title = {Расчет сложного теплообмена в каналах энергетических устройств},
  journal = {Теплофизика высоких температур},
  year = {1972},
  number = {2},
  pages = {335--342},
  volume = {10},
  language = {russian}
}

@BOOK{Mitropolskiy-Problemy,
  author = {Митропольский Ю.А.},
  title = {Проблемы асимптотической теории нестационарных колебаний},
  address = {М.},
  publisher = {Наука},
  year = {1964},
  numpages = {431},
  language = {russian}
}

@BOOK{Mitropolskiy-Leksii,
  author = {Митропольский Ю.А., Моисеенков Б.И.},
  title = {Лекции по применению асимптотических методов к решению уравнений в частных производных},
  address = {К.},
  publisher = {Ин-т математики АН УССР},
  year = {1968},
  numpages = {414},
  language = {russian}
}

@BOOK{Modelirovanie,
  title = {Моделирование процессов тепло- и массопереноса в подземных водах (методические рекомендации)},
  address = {М.},
  publisher = {ВСЕГИНГЕО},
  year = {1974},
  numpages = {92},
  language = {russian}
}

@ARTICLE{Molmut-Asimptoticheskie,
  author = {Молмут Касчич, Мюллер},
  title = {Асимптотческие и численные решения для нелинейной теплопроводности в излучающих тепловых экранах},
  journal = {Теплопередача},
  year = {1970},
  number = {2},
  pages = {57--64},
  language = {russian}
}

@BOOK{Mors-metody,
  author = {Морс Ф.М., Фешбах Г.},
  title = {Методы теоретической физики, т. I, т. II.},
  address = {М.},
  publisher = {ИЛ},
  year = {1958},
  numpages = {312},
  language = {russian}
}

@ARTICLE{Moskalev-Nekotorye,
  author = {Москалев О.Б.},
  title = {Некоторые нелинейные задачи теории ядерных реакторов},
  journal = {Атомная энергия},
  year = {1964},
  number = {4},
  pages = {304--315},
  volume = {16},
  language = {russian}
}

@ARTICLE{Mustafaev-NestatsionarniyMetod,
  author = {Мустафаев Р.А., Платунов Е.С.},
  title = {Нестационарный метод измерения теплопроводности жидкости и газов при высоких давлениях},
  journal = {Теплофизика высоких температур},
  year = {1972},
  number = {3},
  pages = {615--624},
  volume = {10},
  language = {russian}
}

@BOOK{Muchnik-Metody,
  author = {Мучник Т.Ф., Рубашов И.Б.},
  title = {Методы теории теплообмена},
  address = {М.},
  publisher = {Высшая школа},
  year = {1970},
  numpages = {402},
  language = {russian}
}

@BOOK{Nayfe-Vvedenie,
  author = {Найфе А.},
  title = {Введение в методы возмущений},
  address = {М.},
  publisher = {Мир},
  year = {1984},
  numpages = {535},
  language = {russian}
}

@BOOK{Neymark-Fizicheskie,
  author = {Неймарк Б.Е.},
  title = {Физические свойства сталей и сплавов, применяемых в энергетике. Справочник.},
  address = {М.},
  publisher = {Энергия},
  year = {1967},
  numpages = {345},
  language = {russian}
}

@ARTICLE{Novikov-sintez,
  author = {Новиков В.С., Чумаков В.Л.},
  title = {Синтез интегрального метода Е.В. Толубинского и метода возмущений в задачах нестационарного переноса с нелинейными граничными условиями},
  journal = {Теплофизика и теплотехника},
  year = {1972},
  number = {21},
  pages = {18--27},
  language = {russian}
}


@ARTICLE{Oleynik-ObOdnoy,
  author = {Олейник О.А.},
  title = {Об одной задаче Г.Фикеры},
  journal = {ДАН СССР},
  year = {1964},
  number = {6},
  pages = {1297--1300},
  volume = {157},
  language = {russian}
}

@ARTICLE{Oleynik-Razryvye,
  author = {Олейник О.А.},
  title = {Разрывные решения нелинейных уравнений в частных производных},
  journal = {УМН},
  year = {1957},
  pages = {3--73},
  volume = {Том XII},
  language = {russian}
}

@ARTICLE{Olson-Primenenie,
  author = {Олсон},
  title = {Применение метода возмущений для анализа теплопроводности материалов, физические свойства которыхзависят от температуры},
  journal = {Ракетная техника и космонавтика},
  year = {1970},
  number = {10},
  pages = {190--201},
  language = {russian}
}

@BOOK{Oradovskaya-Migratsiya,
  author = {Орадовская А.Е.},
  title = {Миграция вещества и тепла в подземных водах // Гидрогеологические исследования за рубежом.},
  address = {М.},
  publisher = {Недра},
  year = {1982},
  pages = {33--74},
  language = {russian}
}

@ARTICLE{Osipov-Dinamacheskie,
  author = {Осипов Ю.С., Кряжинский А.В., Максимов В.И. },
  title = {Динамические обратные задачи для параболических систем},
  journal = {Дифференциальные уравнения},
  year = {2000},
  number = {5},
  pages = {579--597},
  volume = {36},
  language = {russian}
}

@BOOK{Paskonov-Chislennoe,
  author = {Пасконов В.М., Полежаев В.И., Чудов Л.А.},
  title = {Численное моделирование процессов тепло- и массообмена},
  address = {М.},
  publisher = {Наука},
  year = {1984},
  numpages = {288},
  language = {russian}
}


@ARTICLE{Platunov-Temperaturnoe,
  author = {Платунов Е.С.},
  title = {Температурное поле тонкой пластины в режиме монотонного разогрева},
  journal = {Инженерно-физический журнал},
  year = {1965},
  number = {4},
  pages = {507--512},
  volume = {9},
  language = {russian}
}

@BOOK{Polak-Chislennye,
  author = {Полак Э.},
  title = {Численные методы оптимизации: Единый подход},
  address = {М.},
  publisher = {Мир},
  year = {1974},
  numpages = {376},
  language = {russian}
}

@BOOK{Pontryagin-Matematicheskaya,
  author = {Понтрягин Л.С., Болтянский В.Г., Гамкрелидзе Р.В. Мищенко Е.Ф.},
  title = {Математическая теория оптимальных процессов},
  address = {М.},
  publisher = {Наука},
  year = {1983},
  numpages = {392},
  language = {russian}
}

@ARTICLE{Pukalskiy-Funcktsiya,
  author = {Пукальський І.Д.},
  title = {Функція Гріна параболічної крайової задачи і задача оптимізації},
  journal = {Український математичний журнал},
  year = {2000},
  number = {4},
  pages = {567--571},
  volume = {52},
  language = {russian}
}

@BOOK{Rvachov-Metody,
  author = {Рвачев В.Л.},
  title = {Методы алгебры логики в математической физике},
  address = {К.},
  publisher = {Наук. думка},
  year = {1974},
  numpages = {216},
  language = {russian}
}

@ARTICLE{Rvachov-Primenenie,
  author = {Рвачев В.Л.},
  title = {Применеие R-функций к решению краевых задач математической физики},
  journal = {Материалы семинара по численным методам решения внутренних краевых задач электродинамики СВЧ},
  year = {1971},
  number = {9},
  pages = {25--32},
  volume = {35},
  language = {russian}
}

@BOOK{Rvachov-Agebra,
  author = {Рвачев В.Л., Слесаренко А.П.},
  title = {Алгебра логики и интегральные преобразования в краевых задачах},
  address = {К.},
  publisher = {Наук. думка},
  year = {1976},
  numpages = {287},
  language = {russian}
}

@BOOK{Romanov-Obratnye,
  author = {Романов В.Г.},
  title = {Обратные задачи математической физики},
  address = {М.},
  publisher = {Наука},
  year = {1984},
  numpages = {264},
  language = {russian}
}

@BOOK{Samarskiy-matematicheskoe,
  author = {Самарский А.А., Михайлов А.П.},
  title = {Математическое моделирование: идеи, методы, примеры},
  address = {М.},
  publisher = {Наука, Физматлит},
  year = {1997},
  numpages = {316},
  language = {russian}
}

@ARTICLE{Sayliev-Oreshenii,
  author = {Саульев В.К.},
  title = {О решении некоторых краевых задач на быстродействующих вычислительных машинах методом фиктивных областей},
  journal = {Сиб. Матем. Ж.},
  year = {1963},
  pages = {912--914},
  volume = {4},
  language = {russian}
}

@BOOK{Segerlind-primenenie,
  author = {Сегерлинд Л.Д.},
  title = {Применение метода конечных элементов},
  address = {М.},
  publisher = {Мир},
  year = {1979},
  numpages = {393},
  language = {russian}
}

@BOOK{Sergienko-Matematicheskoe,
  author = {Сергиенко И.В., Скопецкий В.В., Дейнека В.С},
  title = {Математическое моделирование и исследование процессов в неоднородных средах},
  address = {К.},
  publisher = {Наук. думка},
  year = {1991},
  numpages = {432},
  language = {russian}
}

@BOOK{Sirazetdinov-Optimizatsiya,
  author = {Сиразетдинов Т.К.},
  title = {Оптимизация систем с распределенными параметрами},
  address = {М.},
  publisher = {Наука},
  year = {1977},
  numpages = {480},
  language = {russian}
}

@BOOK{Sirazetdinov-Ustoychivost,
  author = {Сиразетдинов Т.К.},
  title = {Устойчивость систем с распределенными параметрами},
  address = {Новосибирск},
  publisher = {Наука},
  year = {1987},
  numpages = {232},
  language = {russian}
}

@ARTICLE{Skopetskiy-KUpravleniyu,
  author = {Скопецкий В.В., Стоян В.А., Благовещенская Т.Ю.},
  title = {К управлению динамикой систем пространственно-временными интегральными преобразованиями},
  journal = {Кибернетика и системный анализ},
  year = {2001},
  number = {4},
  pages = {84--91},
  language = {russian}
}

@ARTICLE{Skopetskiy-ObIntegralnyh,
  author = {Скопецкий В.В., Стоян В.А., Благовещенская Т.Ю.},
  title = {Об интегральных и функциональных преобразованиях в пространственно-временных областях с пустотами},
  journal = {Кибернетика и системный анализ},
  year = {2001},
  number = {1},
  pages = {78--82},
  language = {russian}
}

@ARTICLE{Skopetskiy-Modeliuvannia,
  author = {Скопецький В.В., Богаєнко В.О.},
  title = {Моделювання прямих на обернених задач для систем з розподіленими параметрами на кластерній системі СКІТ-1},
  journal = {Системний аналіз та інформаційні технології: Матеріали VII Міжнародної науково-технічної конференції. – К.: НТУУ «КПІ»},
  year = {2005},
  pages = {80--81},
  language = {russian}
}

@ARTICLE{Skopetskiy-Zadacha,
  author = {Скопецький В.В., Стоян В.А.},
  title = {Задача приоритетного управления динамикой системы с распределенными параметрами в неограниченной пространственно-временной области},
  journal = {Доп. НАН України},
  year = {2001},
  number = {1},
  pages = {20--23},
  language = {russian}
}

@ARTICLE{Skopetskiy-Promatematychne,
  author = {Скопецький В.В., Стоян В.А., Благовещенська Т.Ю.},
  title = {Про математичне моделювання просторово-часових процесів},
  journal = {Комп’ютерна математика. Оптимізація обчислень: Зб. наук. пр. НАН України. Ін-т кібернетики ім. В.М. Глушкова. – К.},
  year = {2001},
  pages = {403--410},
  volume = {2},
  language = {russian}
}

@BOOK{Skopetskiy-Matematychne,
  author = {Скопецький В.В., Стоян В.А., Кривонос Ю.Г.},
  title = {Математичне моделювання прямих та обернених задач динаміки систем з розподіленими параметрами},
  address = {К.},
  publisher = {Наук. думка},
  year = {2002},
  numpages = {361},
  language = {russian}
}

@BOOK{Slesarenko-Smeshannye,
  author = {Слесаренко А.П. },
  title = {Смешанные краевые задачи и вопросы математического моделирования},
  address = {К.},
  publisher = {Наук. думка},
  year = {1975},
  numpages = {312},
  language = {russian}
}

@ARTICLE{Stoyan-DoPobudovy,
  author = {Стоян В.А.},
  title = {До побудови функції Гріна для систем з розподіленими параметрами},
  journal = {Журнал вычислительной и прикладной математики},
  year = {1998},
  pages = {108--111},
  volume = {Вып.83},
  language = {russian}
}

@ARTICLE{Stoyan-KOptimizatsii,
  author = {Стоян В.А.},
  title = {К оптимизации псевдообращений линейных пространственно-временных преобразований},
  journal = {Кибернетика и системный анализ},
  year = {1998},
  number = {6},
  pages = {21--28},
  language = {russian}
}

@BOOK{Stoyan-Modeliuvannia,
  author = {Стоян В.А.},
  title = {Моделювання та аналіз загальних розвязків задач керування та спостереження для динамічних систем з розподіленими параметрами. Дисертація на здобуття наукового ступеня доктора фізико-математичних наук},
  address = {К.},
  publisher = {Інститут Кібернетики ім. Глушкова НАНУ},
  year = {1999},
  numpages = {298},
  language = {russian}
}

@ARTICLE{Stoyan-OZadache,
  author = {Стоян В.А.},
  title = {О задаче идентификации матрично-интегрирующих систем},
  journal = {Кибернетика и системный анализ},
  year = {2003},
  number = {5},
  pages = {152--163},
  language = {russian}
}

@ARTICLE{Stoyan-ObOdnomPodhode,
  author = {Стоян В.А.},
  title = {Об одном подходе к исследованию начально-краевых задач матфизики},
  journal = {Проблемы управления и информатики},
  year = {1998},
  number = {1},
  pages = {79--86},
  language = {russian}
}

@ARTICLE{Stoyan-ObOpimizatsii,
  author = {Стоян В.А.},
  title = {Об оптимизации моделей динамики систем с распределенными параметрами},
  journal = {Проблемы управления и информатики},
  year = {1999},
  number = {2},
  pages = {101--111},
  language = {russian}
}

@ARTICLE{Stoyan-ProRivniannia,
  author = {Стоян В.А.},
  title = {Про рівняння і розв’язок однорідної осесиметричної задачі динаміки пружного шару},
  journal = {Доп. АН УРСР. Сер: А},
  year = {1979},
  number = {9},
  pages = {733--735},
  language = {russian}
}

@ARTICLE{Stoyan-Psevdoobrachenie,
  author = {Стоян В.А.},
  title = {Псевдообращение интегральных операторов в задачах наблюдения, терминального управления и моделирования динамики систем с распределенными параметрами},
  journal = {Проблемы управления и информатики},
  year = {1998},
  number = {4},
  pages = {112--120},
  language = {russian}
}

@ARTICLE{Stoyan-Obrachenie,
  author = {Стоян В.А.},
  title = {Обращение линейных пространственно временных преобразований в ограниченных областях},
  journal = {Кибернетика и системный анализ},
  year = {2001},
  number = {5},
  pages = {149--156},
  language = {russian}
}

@BOOK{Temkin-Obrantye,
  author = {Темкин А.Г.},
  title = {Обратные методы теплопроводности},
  address = {М.},
  publisher = {Энергия},
  year = {1973},
  numpages = {464},
  language = {russian}
}

@BOOK{Tihonov-Metody,
  author = {Тихонов А.Н., Арсенин В.Я},
  title = {Методы решения некорректных задач},
  address = {М.},
  publisher = {Наука},
  year = {1979},
  numpages = {220},
  language = {russian}
}

@BOOK{Tihonov-Nekorrektnye,
  author = {Тихонов А.Н., Гончарский А.В.},
  title = {Некорректные задачи естествознания},
  address = {М.},
  publisher = {Изд-во Моск. ун-та},
  year = {1987},
  numpages = {299},
  language = {russian}
}

@BOOK{Tihonov-Reguliariziruiuschie,
  author = {Тихонов А.Н., Гончарский А.В., Степанов В.В Ягола А.Г.},
  title = {Регуляризирующие алгоритмы и априорная информация},
  address = {М.},
  publisher = {Наука},
  year = {1983},
  numpages = {200},
  language = {russian}
}

@BOOK{Tihonov-Matematicheskoe,
  author = {Тихонов А.Н., Кальнер В.Д., Гласко В.Б.},
  title = {Математическое моделирование технологических процессов},
  address = {М.},
  publisher = {Машиностроение},
  year = {1990},
  numpages = {264},
  language = {russian}
}

@BOOK{Tihonov-Chislennye,
  author = {Тихонов А.Н., Самарский А.А.},
  title = {Численные методы решения обратных задач математической физики},
  address = {М.},
  publisher = {Изд-во Моск. ун-та},
  year = {1988},
  numpages = {259},
  language = {russian}
}

@ARTICLE{Turilina-DvaMetoda,
  author = {Турилина Е.С., Воскресенский К.Д.},
  title = {Два метода расчета температуры стенки и трубы, обогреваемой электрическим током при высоких тепловых нагрузках},
  journal = {Теплопередача},
  year = {1962},
  number = {3},
  pages = {3--12},
  language = {russian}
}

@ARTICLE{Furman-OVzaimosviazi,
  author = {Фурман А.В., Ляликов А.С., Коновалова Л.С.},
  title = {О взаимосвязи между температурами при нелинейных явлениях переноса тепла в ТВЭЛах},
  journal = {Инженерно-физический журнал},
  year = {1972},
  number = {3},
  pages = {559--565},
  volume = {т. XVII},
  language = {russian}
}

@ARTICLE{Furman-Reshenie,
  author = {Фурман А.В., Шилин Г.Ф.},
  title = {Решение нелинейных задач теплопроводности методом экспоненциальной аппроксимации законов изменения термических параметров},
  journal = {Известия Томского политехнического института им. Кирова},
  year = {1967},
  pages = {107--110},
  volume = {162},
  language = {russian}
}

@BOOK{Tsoy-Metody,
  author = {Цой П.В.},
  title = {Методы расчета задач тепломассопереноса},
  address = {М.},
  publisher = {Энергоатомиздат},
  year = {1984},
  numpages = {414},
  language = {russian}
}

@BOOK{Chudnovskiy-Teplofizika,
  author = {Чудновский А.Ф.},
  title = {Теплофизика почв},
  address = {М.},
  publisher = {Наука},
  year = {1976},
  numpages = {352},
  language = {russian}
}

@BOOK{Shi-Chislennye,
  author = {Ши Д.},
  title = {Численные методы в задачах теплообмена},
  address = {М.},
  publisher = {Мир},
  year = {1988},
  numpages = {544},
  language = {russian}
}

@BOOK{Elsgoltz-Differentsialnye,
  author = {Эльсгольц А.},
  title = {Дифференциальные уравнения и вариационное исчисление},
  address = {М.},
  publisher = {Наука},
  year = {1962},
  numpages = {424},
  language = {russian}
}

@BOOK{Erdein-Asimptoticheskie,
  author = {Эрдейн А.},
  title = {Асимптотические разложения},
  address = {М.},
  publisher = {Физматгиз},
  year = {1962},
  numpages = {127},
  language = {russian}
}

@ARTICLE{Esh-Vlianie,
  author = {Эш, Кросмен},
  title = {Влияние зависимости свойств от температуры на ступенчатый нагрев полубесконечноготвердого тела},
  journal = {Теплопердача},
  year = {1971},
  number = {3},
  pages = {116--128},
  language = {russian}
}

@ARTICLE{Iampolski-OMetode,
  author = {Ямпольский Н.Г., Айзен А.М.},
  title = {О методе возмущений в применении к нелинейным задачам теплопроводности},
  journal = {Теплофизика высоких температур},
  year = {1968},
  number = {5},
  pages = {885--898},
  volume = {6},
  language = {russian}
}

@ARTICLE{Blackwell-AnEfficient,
  author = {Blackwell B.F.},
  title = {An Efficient Technique for the Numerical Solution of the One-Dimensional Inverse Problem of Heat Conduction},
  journal = {Numer. Heat Transfer},
  year = {1981},
  number = {4},
  pages = {229--239},
  language = {english}
}

@ARTICLE{Courant-Variational,
  author = {Courant R.},
  title = {Variational methods for the solutions of problems of equilibrium and vibrations},
  journal = {Bull. Amer. Math. Soc},
  year = {1943},
  pages = {1--23},
  volume = {49},
  language = {english}
}

@ARTICLE{Dicker-Apertuebation,
  author = {Dicker D., Asnsni M.},
  title = {A pertuebation solution for the nonlinear radiation heat trnasfer problem},
  journal = {proc. 3–rd Inernat. Heat Tranfer Conf., Chicago},
  year = {1966},
  pages = {164--165},
  volume = {5},
  language = {english}
}

@ARTICLE{Friedrichs-Asymptotic,
  author = {Friedrichs K.O.},
  title = {Asymptotic phenomena in mathematical physics},
  journal = {Bull. Amer. Math. Soc},
  year = {1955},
  number = {6},
  pages = {485--504},
  volume = {61},
  language = {english}
}

@ARTICLE{Kozdoba-Heat,
  author = {Kozdoba L.A.},
  title = {Heat trensfer mathematical simulation at hardering in Liquid media},
  journal = {Int. Coll. On Field Simulation -- London, Sept},
  year = {1974},
  pages = {441--418},
  language = {english}
}

@ARTICLE{Kozdoba-Mathematical,
  author = {Kozdoba L.A.},
  title = {Mathematical modeling of nonlinear direct and reverse heat conduction problems},
  journal = {6th Int. Heat Transf. Conf. -- Ottawa},
  year = {1978},
  pages = {245--450},
  language = {english}
}

@BOOK{Kreth-Principles,
  author = {Kreth F.},
  title = {Principles of Heat Transfer. Sec. ed.},
  address = {Scranton, Pennsylvania},
  publisher = {Int. Textbook Comp},
  year = {1966},
  numpages = {620},
  language = {english}
}

@ARTICLE{Lax-OnTheStability,
  author = {Lax P.D., Wendorff B.},
  title = {On the stability of difference schemes with variable coefficients},
  journal = {Comm. Pure Appl. Math.},
  year = {1961},
  number = {14},
  pages = {497--520},
  language = {english}
}

@ARTICLE{Lock-AStudy,
  author = {Lock G.S.H., Gunderson J.R., Quon D. Donelly E.K.},
  title = {A study of one dimensional ice formation with particular reference to periodic growth and decay},
  journal = {Internat. Heat and Mass Transfer},
  year = {1969},
  number = {2},
  pages = {195--196},
  volume = {12},
  language = {english}
}

@ARTICLE{Neuman-AMethod,
  author = {Neuman J., Richtmyer R.},
  title = {A method for the numerical calculation of hydrodynamical shocks},
  journal = {J. Appl. Phys.},
  year = {1950},
  number = {21},
  pages = {232--233},
  language = {english}
}

@ARTICLE{Pantakar-Numerical,
  author = {Patankar S.},
  title = {Numerical Methods in Heat Transfer: Heat Transfer 1982},
  journal = {Proc. 7th Int. Heat Transfer Conf -- Munchen, Sept 1982},
  year = {1982},
  number = {1},
  pages = {83--90},
  language = {english}
}

@ARTICLE{Stolz-Numerical,
  author = {Stolz G. },
  title = {Numerical Solutions to an inverse problem of heat conduction for simple shapes},
  journal = {Trans. ASME. Ser. C.J. Heat Transfer},
  year = {1960},
  number = {1},
  pages = {20--26},
  volume = {82},
  language = {english}
}

@ARTICLE{Tadjbaksh-Free,
  author = {Tadjbaksh I., Liniger W. },
  title = {Free boundary problems with retions of growth and decay. An anaysis of heat transfer in the dip soldering process},
  journal = {Quart. J. Mech. and appl. Math.},
  year = {1964},
  number = {2},
  pages = {141--142},
  volume = {XVII},
  language = {english}
}

@ARTICLE{Penrose-A-generalized-inverse-for-matrices,
  author = {R. Penrose},
  title = {A generalized inverse for matrices},
  journal = {Mathematical Proceedings of the Cambridge Philosophical Society},
  year = {1955},
  number = {51},
  pages = {406--413},
  language = {english}
}

@ARTICLE{Hestenes-Methods-of-conjugate-gradients,
  author = {Hestenes Magnus R, Stiefel Eduard},
  title = {Methods of conjugate gradients for solving linear systems},
  journal = {Journal of Research of the National Bureau of Standards},
  year = {1952},
  volume = {49},
  number = {6},
  pages = {409--436},
  language = {english}
}

@ARTICLE{Qinmeng-Zou-GMRES-algorithms-over-35-years,
  author = {Qinmeng Zou},
  title = {GMRES algorithms over 35 years},
  journal = {Applied Mathematics and Computation},
  year = {2023},
  number = {445},
  issn = {0096-3003},
  language = {english}
}

@BOOK{Saad-Iterative-Methods-for-Sparse-Linear-Systems-2nd-ed,
  author = {Saad Yousef},
  title = {Iterative Methods for Sparse Linear Systems (2nd ed.)},
  year = {2003},
  issn = {978-0-89871-534-7},
  pages = {231--234},
  language = {english},
  publisher = {Society  for Industrical and Applied Mathematics},
  numpages = {556}
}

@ARTICLE{Stüben-Algebraic-multigrid-AMG-experiences-and-comparisons,
  author = {Klaus Stüben},
  title = {Algebraic multigrid (AMG): experiences and comparisons},
  journal = {Applied Mathematics and Computation},
  year = {1983},
  pages = {419--451},
  volume = {13},
  issue = {3-4},
  issn = {0096-3003},
  language = {english}
}

@BOOK{Lay-Linear-Algebra-and-its-Applications,
  author = {David C. Lay, Steven R., McDonald Judi J.},
  title = { Linear Algebra and its Applications (Sixth ed.)},
  year = {2021},
  issn = {978-0-13-585125-8},
  language = {english},
  publisher = {Pearson},
}

@BOOK{Holmes-Introduction-to-cientific-Computing-and-Data-Analysis,
  author = {Holmes M.},
  title = {Introduction to Scientific Computing and Data Analysis, 2nd Ed.},
  year = {2023},
  issn = {978-3-031-22429-4.},
  language = {english},
  publisher = {Springer},
}

@ARTICLE{Applications-of-the-singular-value-decomposition-in-dynamics,
  author = {Klaus Stüben},
  title = {Applications of the singular value decomposition in dynamics},
  journal = {Computer Methods in Applied Mechanics and Engineering},
  year = {1993},
  pages = {161--173},
  volume = {103},
  issue = {1-2},
  issn = {0045-7825},
  language = {english}
}























