@ARTICLE{comp-math-3-2005,
  author = {Саянкин А.А.},
  title = {О задаче моделирования динамики одного класса нелинейных систем},
  journal = {Компьютерная математика},
  year = {2005},
  volume = {},
  number = {3},
  pages = {31--38},
  language = {russian},
}

@ARTICLE{comp-math-3-2006,
  author = {Саянкин А.А.},
  title = {Оптимизация моделей динамики одного класса нелинейных систем},
  journal = {Компьютерная математика},
  year = {2006},
  volume = {0},
  number = {3},
  pages = {31--38},
  language = {russian},
}

@ARTICLE{vestnik-shevchenko-3-2006,
  author = {Саянкін О.О.},
  title = {Задача спостереження для одного класу нелінійних систем},
  journal = {Вісник Київ. ун-ту. Серія: фіз.-матем. науки},
  year = {2006},
  volume = {0},
  number = {3},
  pages = {120--128},
  language = {russian},
}
